<?xml version="1.0" encoding="UTF-8"?><collection xmlns="http://www.loc.gov/MARC21/slim"><record><leader>00610nam--2200181-i-4500</leader><controlfield tag="001">000011728</controlfield><controlfield tag="002">20161230</controlfield><controlfield tag="005">20161230201029</controlfield><controlfield tag="008">060222s1000------------r-----000-0-eng-d</controlfield><datafield ind1=" " ind2=" " tag="040"><subfield code="a">IFIN-HH</subfield></datafield><datafield ind1=" " ind2=" " tag="080"><subfield code="a">53.02(042)</subfield></datafield><datafield ind1="1" ind2=" " tag="100"><subfield code="a">Barut, A.O</subfield></datafield><datafield ind1="1" ind2="0" tag="245"><subfield code="a">Studies in mathematical physics. lectures presented at the nato advanced study institute on mathematical physics held in istanbul, august 1970</subfield><subfield code="c">A.o. barut (ed.)</subfield></datafield><datafield ind1=" " ind2=" " tag="260"><subfield code="a">Dordrecht</subfield><subfield code="b">D.Reidel Publishing Company</subfield><subfield code="c">1973</subfield></datafield><datafield ind1=" " ind2=" " tag="300"><subfield code="a">319 P</subfield></datafield><datafield ind1=" " ind2=" " tag="490"><subfield code="a">Nato Advanced Study Institutes Series C, 1</subfield></datafield><datafield ind1=" " ind2=" " tag="852"><subfield code="a">42548</subfield><subfield code="c">53</subfield></datafield><datafield ind1=" " ind2=" " tag="CAT"><subfield code="a">Sys</subfield><subfield code="c">20150323</subfield><subfield code="h">105933</subfield></datafield></record></collection>